<?xml version="1.0" encoding="UTF-8"?><record xmlns="http://www.loc.gov/MARC21/slim" xmlns:cinclude="http://apache.org/cocoon/include/1.0" xmlns:zs="http://www.loc.gov/zing/srw/">
  <leader>00382nz  a2200133n  4500</leader>
  <controlfield tag="001">no2011002410</controlfield>
  <controlfield tag="003">DLC</controlfield>
  <controlfield tag="005">20110108075119.0</controlfield>
  <controlfield tag="008">110106n| acannaabn          |n aaa     c</controlfield>
  <datafield tag="010" ind1=" " ind2=" ">
    <subfield code="a">no2011002410</subfield>
  </datafield>
  <datafield tag="035" ind1=" " ind2=" ">
    <subfield code="a">(OCoLC)oca08731400</subfield>
  </datafield>
  <datafield tag="040" ind1=" " ind2=" ">
    <subfield code="a">Sd</subfield>
    <subfield code="b">eng</subfield>
    <subfield code="c">Sd</subfield>
  </datafield>
  <datafield tag="100" ind1="1" ind2=" ">
    <subfield code="a">Rose, B. J.</subfield>
  </datafield>
  <datafield tag="670" ind1=" " ind2=" ">
    <subfield code="a">An analysis of the deer hunter report card returns, 1968, South Dakota, 1968:</subfield>
    <subfield code="b">cover (B.J. Rose)</subfield>
  </datafield>
</record>